@book{tanenbaum2007distributed,
  title={Distributed systems: principles and paradigms},
  author={Tanenbaum, Andrew S and Van Steen, Maarten},
  year={2007},
  publisher={Prentice-Hall}
}

@article{gusella1989accuracy,
  title={The accuracy of the clock synchronization achieved by TEMPO in Berkeley UNIX 4.3 BSD},
  author={Gusella, Riccardo and Zatti, Stefano},
  journal={IEEE transactions on Software Engineering},
  volume={15},
  number={7},
  pages={847--853},
  year={1989},
  publisher={IEEE}
}
